
@mastersthesis{1021704678.nh,
author = {宗振宇},
title = {配电网接纳电动汽车充电负荷能力评估与有序充电降损研究},
school = {西安理工大学},
year = {2022}
}

@article{buzna2021ensemble,
  title={An ensemble methodology for hierarchical probabilistic electric vehicle load forecasting at regular charging stations},
  author={Buzna, Lubo{\v{s}} and De Falco, Pasquale and Ferruzzi, Gabriella and Khormali, Shahab and Proto, Daniela and Refa, Nazir and Straka, Milan and van der Poel, Gijs},
  journal={Applied Energy},
  volume={283},
  pages={116337},
  year={2021},
  publisher={Elsevier}
}